@InProceedings{cheney14ipaw,
  author = 	 {James Cheney and Roly Perera},
  title = 	 {An analytical survey of provenance sanitization},
  OPTcrossref =  {},
  OPTkey = 	 {},
  booktitle = {Proceedings of the 2014 International Provenance and Annotation Workshop (IPAW 2014)},
  pages = 	 {113--126},
  year = 	 {2015},
  OPTeditor = 	 {},
  OPTvolume = 	 {},
  number = 	 {8628},
  series = 	 {Lecture Notes in Computer Science},
  OPTaddress = 	 {},
  OPTmonth = 	 {},
  organization = {Springer-Verlag},
  OPTpublisher = {},
  note = 	 {Pre-proceedings version available at \url{http://arxiv.org/abs/1405.5777}},
  OPTannote = 	 {}
}


@InProceedings{cheney11csf,
  author = 	 {James Cheney},
  title = 	 {A formal framework for provenance security},
  booktitle = {Proceedings of the 24th IEEE Computer Security Foundations Symposium (CSF)},
  pages = 	 {281--293},
  year = 	 2011,
  publisher = {IEEE}}


@InProceedings{stamatogiannakis15tapp,
  author = 	 {Manolis Stamatogiannakis and Paul Groth and Herbert Bos},
  title = 	 {Decoupling Provenance Capture and Analysis from Execution

},
  OPTcrossref =  {},
  OPTkey = 	 {},
  booktitle = {TaPP},
  OPTpages = 	 {},
  year = 	 {2015},
  OPTeditor = 	 {},
  OPTvolume = 	 {},
  OPTnumber = 	 {},
  OPTseries = 	 {},
  OPTaddress = 	 {},
  OPTmonth = 	 {},
  OPTorganization = {},
  OPTpublisher = {},
  note = 	 {Available at: \texttt{https://www.usenix.org/conference/tapp15/\-workshop-program/presentation/stamatogiannakis}},
  OPTannote = 	 {}
}

@article{cohen-boulakia08,
 author = {Cohen-Boulakia, Sarah and Biton, Olivier and Cohen, Shirley and Davidson, Susan},
 title = {Addressing the Provenance Challenge Using ZOOM},
 journal = {Concurrency and Computation: Practice and Experience},
 issue_date = {April 2008},
 volume = {20},
 number = {5},
 month = apr,
 year = {2008},
 issn = {1532-0626},
 pages = {497--506},
 numpages = {10},
 url = {http://dx.doi.org/10.1002/cpe.v20:5},
 doi = {10.1002/cpe.v20:5},
 acmid = {1350752},
 publisher = {John Wiley and Sons Ltd.},
 address = {Chichester, UK},
 keywords = {multi-level of granularity for provenance, scientific workflows, user views},
}
